@inproceedings{sin2020passivity,
  title={Passivity-based distributed acquisition and station-keeping control of a satellite constellation in areostationary orbit},
  author={Sin, Emmanuel and Yin, He and Arcak, Murat},
  booktitle={Dynamic Systems and Control Conference},
  volume={84287},
  pages={V002T30A001},
  year={2020},
  organization={American Society of Mechanical Engineers}
}

@inproceedings{sin2018small,
  title={Small satellite constellation separation using linear programming based differential drag commands},
  author={Sin, Emmanuel and Arcak, Murat and Packard, Andrew},
  booktitle={2018 Annual American Control Conference (ACC)},
  pages={4951--4956},
  year={2018},
  organization={IEEE}
}

@article{arcak2007passivity,
  title={Passivity as a design tool for group coordination},
  author={Arcak, Murat},
  journal={IEEE Transactions on Automatic Control},
  volume={52},
  number={8},
  pages={1380--1390},
  year={2007},
  publisher={IEEE}
}