@article{
    stein1981estimation,
    title={Estimation of the mean of a multivariate normal distribution},
    author={Stein, Charles M},
    journal={The annals of Statistics},
    pages={1135--1151},
    year={1981},
    publisher={JSTOR}
}