@book{
    Lamport1994LaTeX,
    title           = {LaTeX: A document preparation system, User's guide and reference manual},
    author         = {Leslie Lamport},
    year           = {1994},
    publisher      = {Addison Wesley},
}

@incollection{
    cercignani1988boltzmann,
    title={The boltzmann equation},
    author={Cercignani, Carlo},
    booktitle={The Boltzmann equation and its applications},
    pages={40--103},
    year={1988},
    publisher={Springer}
}